2734 4142
542 249 727 302 SERMONES
1071 248 1109 317 [1,
1122 266 1145 312 2,
1158 250 1190 316 89

172 418 265 484 dives
282 420 355 502 opis
372 429 491 483 natura
515 440 604 495 suae,
621 430 657 482 tu
674 421 702 482 si
719 418 816 483 modo
832 429 923 484 recte

174 525 370 606 dispensare
386 526 467 588 velis
484 545 523 586 ac
539 544 606 586 non
623 523 784 605 fugienda
795 524 948 606 petendis

172 628 368 691 immiscere.
415 629 489 691 Tuo
502 628 581 690 vitio
597 647 751 691 rerumne
767 628 905 705 labores

173 733 219 796 nil
236 735 361 796 referre
378 733 498 814 putas?
545 731 667 814 Quare,
685 752 727 795 ne
744 733 914 814 paeniteat
927 741 972 809 te,

173 837 288 900 desine
305 847 472 899 matronas
489 837 655 912 sectarier,
672 836 762 900 unde
778 836 900 900 laboris

173 941 248 1022 plus
263 942 396 1004 haurire
412 941 490 1002 mali
506 949 557 1003 est
574 960 673 1023 quam
690 960 731 1002 ex
747 959 781 1003 re
798 941 979 1023 decerpere
993 942 1134 1006 fructus

178 1045 249 1107 Nec
267 1045 373 1125 magis
389 1044 466 1106 huic
482 1043 569 1106 inter
583 1043 700 1106 niveos
716 1044 896 1126 viridisque
915 1045 1055 1126 lapillos

174 1148 216 1212 sit
239 1149 314 1211 licet
336 1149 409 1223 hoc,
436 1146 602 1223 Cerinthe,
620 1156 723 1223 tuum,
748 1156 899 1211 tenerum
923 1158 976 1212 est
998 1149 1108 1213 femur
1131 1160 1189 1214 aut

259 1272 334 1315 crus
985 1327 993 1339 ,

173 1356 303 1432 rectius,
320 1366 420 1439 atque
432 1355 531 1420 etiam
549 1355 667 1420 melius
683 1376 846 1440 persaepe
861 1366 997 1441 togatae
1012 1368 1073 1423 est.

172 1460 272 1523 Adde
289 1461 362 1535 huc,
381 1460 469 1543 quod
486 1481 629 1523 mercem
646 1461 719 1525 sine
734 1461 821 1524 fucis
833 1471 952 1543 gestat,
970 1472 1085 1545 aperte

172 1564 261 1646 quod
276 1565 394 1627 venale
412 1564 513 1627 habet
528 1563 683 1640 ostendit,
701 1585 772 1641 nec,
790 1565 818 1627 si
834 1566 913 1648 quid
930 1566 1061 1629 honesti
1077 1575 1137 1644 est,

174 1669 275 1730 iactat
290 1667 456 1749 habetque
473 1668 593 1749 palam,
612 1669 741 1749 quaerit
757 1689 822 1750 quo
839 1668 948 1751 turpia
960 1670 1054 1733 celet.

172 1771 321 1852 Regibus
338 1771 390 1834 hie
408 1791 479 1834 mos
495 1781 567 1833 est:
592 1772 648 1833 ubi
660 1791 765 1853 equos
782 1782 980 1847 mercantur,
998 1784 1133 1854 opertos

171 1874 361 1956 inspiciunt,
379 1896 431 1950 ne,
449 1876 476 1937 si
493 1874 606 1950 facies,
623 1883 660 1937 ut
675 1895 787 1956 saepe,
805 1875 926 1939 decora

171 1977 262 2040 molli
278 1978 363 2040 tulta
378 1978 463 2060 pede
480 1988 539 2053 est,
557 1985 740 2059 emptorem
756 1979 892 2043 inducat
907 1980 1064 2059 hiantem,

171 2082 260 2165 quod
276 2082 435 2164 pulchrae
454 2082 578 2157 clunes
595 2081 697 2145 breve
712 2083 802 2163 quod
817 2093 928 2166 caput,
945 2086 1049 2148 ardua
1064 2087 1184 2150 cervix.

78 2286 111 2332 to
137 2294 238 2347 magno
257 2281 343 2347 patre
369 2316 375 2329 .
404 2316 410 2329 .
439 2315 445 2329 .
468 2282 516 2330 est.
567 2274 608 2330 Cf.
659 2281 749 2333 sit..
772 2285 888 2335 .tuum:
908 2278 1037 2349 although
1055 2280 1111 2332 tln's
1123 2297 1186 2349 vray

73 2360 239 2428 pugnantia
252 2376 349 2425 secum,
361 2360 424 2411 Sat.
442 2373 464 2424 1,
479 2371 502 2420 1,
518 2372 576 2409 102.
658 2358 688 2410 be
709 2375 784 2426 your
804 2360 961 2429 judgment,
985 2363 1030 2413 tle.
1054 2362 1113 2414 that
1138 2361 1186 2416 the

127 2458 167 2506 74.
194 2444 270 2495 dives
292 2444 353 2507 opis
376 2447 474 2495 natura
491 2454 608 2494 suae:a
658 2438 868 2493 adommentof
884 2440 930 2494 the
950 2442 1066 2495 married
1078 2458 1185 2513 woman

6 2524 14 2543 ¹
79 2519 208 2572 doctrine
221 2519 252 2572 of
267 2520 421 2587 Epicurean
434 2518 607 2588 philosophy.
658 2519 729 2572 adds
740 2527 768 2572 to
778 2520 827 2573 her
837 2521 1005 2575 attractions.
1037 2522 1185 2577 Cerinthus

78 2599 173 2654 stated
187 2598 223 2668 by
236 2599 340 2663 Cicero,
356 2598 389 2650 de
407 2601 472 2652 Fin.
486 2614 507 2666 1,
521 2614 560 2667 13,
573 2612 605 2667 45
658 2600 682 2652 is
695 2601 842 2654 unknown.

80 2721 86 2733 .
111 2718 118 2733 .
141 2719 148 2731 .
169 2679 242 2747 ‘ipsa
260 2688 357 2732 natura
378 2679 495 2745 divitias,
509 2679 607 2749 quibus
703 2692 743 2749 84.
767 2688 889 2739 honesti:
916 2682 985 2736 used
1010 2682 1041 2736 of
1060 2682 1186 2754 physica}

79 2767 215 2816 contenta
238 2760 282 2821 sit,
302 2768 330 2813 et
354 2760 488 2829 parabiles
510 2767 537 2812 et
556 2766 608 2812 ter·
660 2764 769 2818 charms
799 2761 842 2816 for
879 2762 926 2816 the
964 2771 1087 2818 contrast
1119 2764 1185 2817 with

80 2842 202 2895 minatas
233 2840 336 2894 hahet)
385 2840 448 2893 The
471 2840 555 2909 figure
584 2840 608 2892 is
658 2845 767 2914 turpia.

79 2920 187 2976 carried
206 2937 243 2974 on
262 2920 289 2972 in
307 2922 475 2989 dispensare,
488 2928 534 2972 ‘to
547 2919 608 2972 deal
702 2935 793 2993 86-89.
817 2932 941 2994 opertos:
958 2926 1000 2978 ie.
1021 2924 1087 2995 they
1105 2942 1188 2979 cover

80 3012 130 3057 out
141 3004 148 3028 ¹
161 3002 215 3054 like
228 3018 244 3053 a
257 3001 356 3054 careful
369 3000 493 3054 steward.
660 3006 741 3059 those
753 3014 827 3075 parts
840 3006 872 3059 of
887 3006 934 3059 the
947 3006 1028 3059 horse
1047 3005 1136 3059 which
1149 3005 1187 3075 by

128 3100 167 3151 75.
194 3085 325 3151 fugienda
352 3086 491 3151 petendis:
541 3079 610 3133 used
661 3087 733 3139 their
745 3086 843 3156 beauty
854 3080 942 3156 might
954 3094 1052 3140 attract
1066 3085 1112 3139 the
1125 3102 1187 3153 pur-

80 3163 166 3234 again
179 3162 207 3215 in
220 3164 282 3214 Sat.
301 3177 322 3228 1,
335 3177 361 3229 3,
377 3176 434 3226 114,
451 3178 481 3214 as
500 3161 611 3229 equiva·
661 3167 956 3235 chaser—cmptorem
971 3165 1187 3219 inducat—the

81 3246 141 3298 lent
154 3251 183 3296 to
192 3243 261 3296 bana
274 3243 399 3295 diversa.
661 3255 737 3316 parts
755 3246 884 3315 specified
904 3246 932 3298 in
951 3264 990 3299 vs.
1004 3247 1046 3315 89,
1059 3246 1089 3298 in
1107 3245 1189 3299 order

128 3341 170 3399 76.
196 3335 254 3386 Tuo
265 3335 335 3386 vitio
346 3348 483 3385 rerumne:
505 3327 539 3382 cf.
548 3329 610 3381 Sat.
662 3336 692 3381 to
705 3328 831 3381 examine
840 3326 905 3380 with
916 3327 964 3380 the
974 3344 1050 3381 more
1059 3326 1187 3381 coolness

86 3428 109 3481 1,
126 3427 165 3478 10,
176 3424 208 3479 57
221 3410 250 3475 f,
259 3427 328 3462 natm
340 3410 423 3478 illius,
434 3427 502 3462 num
514 3426 611 3462 rerum
662 3408 844 3478 ofjudgment
856 3408 903 3460 the
912 3416 988 3475 parts
1001 3407 1088 3460 which
1100 3406 1188 3475 might

86 3534 92 3546 .
116 3532 122 3544 .
146 3532 152 3543 .
172 3497 289 3544 natura.
661 3488 697 3542 be
710 3488 846 3553 unsound,
859 3487 936 3541 ntalli
948 3527 954 3540 .
977 3527 984 3539 .
1007 3527 1013 3539 .
1023 3489 1101 3556 pede.
1126 3487 1189 3542 The

128 3583 218 3629 80-82.
243 3576 325 3627 huic:
374 3571 421 3625 the
463 3577 610 3634 matrona,·
662 3578 777 3631 custom,
796 3567 820 3620 if
834 3568 910 3621 there
929 3585 994 3621 ever
1011 3585 1067 3620 was
1085 3568 1189 3622 sucha

83 3653 243 3709 contrasted
277 3652 343 3705 with
376 3658 491 3722 togatae,
521 3653 612 3704 82.-
663 3657 777 3716 custom,
788 3648 810 3701 is
820 3656 868 3701 not
878 3648 1025 3702 elsewhere
1033 3648 1142 3701 aliuded
1151 3657 1188 3702 to.
