2734 4142
605 265 871 314 INTRODUCTION

1346 301 1353 399 ¹

182 434 323 510 probavit
337 451 540 508 mansuraque
558 440 706 507 perpetuo
719 429 861 506 opinatus
877 431 932 503 est,
945 441 978 490 ut
992 451 1054 490 non
1069 432 1160 491 modo
1176 433 1292 490 Saecu-

182 531 244 591 lare
264 551 386 590 carmen
406 530 651 605 componendum
674 527 845 600 iniunxerit,
861 529 916 588 sed
936 538 967 587 et
983 528 1177 588 Vindelicam
1192 529 1290 588 victo-

181 628 256 686 riam
282 628 399 687 Tiberii
425 626 579 702 Drusique
605 624 813 702 privignorum
835 644 969 697 suorum,
994 645 1125 702 eumque
1150 627 1290 704 coegerit

182 736 306 802 propter
319 727 378 785 hoc
392 725 490 784 tribus
505 723 674 782 carminum
693 721 778 782 libris
796 743 834 781 ex
853 723 970 801 longo'
963 733 1008 782 rnt
996 716 1123 782 teruallo
1142 734 1288 800 quartum
1347 752 1353 851 1

181 824 312 895 addere3
336 833 405 899 post
420 841 574 881 sermones
590 840 662 881 vero
679 821 829 905 quosdam
844 820 939 880 lectos
958 821 1072 879 nullam
1093 821 1139 879 sui
1159 821 1290 880 mentio
1351 879 1352 883 ,

181 939 250 979 nem
269 920 356 979 habit
344 930 405 979 tam
426 919 468 978 ita
486 919 527 978 sit
545 928 634 994 quest
636 938 687 979 us:
711 917 819 977 ‘irasci
837 928 915 977 met
903 917 959 977 tibi
977 918 1062 990 scit0‚
1078 920 1160 993 quod
1175 937 1235 976 non
1253 917 1287 976 in
1348 898 1353 987 l

181 1017 334 1107 plerisque
355 1017 421 1076 eius
443 1016 525 1076 modi
547 1016 670 1092 scriptis
692 1034 810 1074 mecum
832 1015 1024 1091 potissimum
1047 1014 1190 1090 loquaris.
1233 1017 1287 1073 An

181 1114 293 1174 vereris
309 1134 347 1174 ne
362 1116 444 1191 apud
460 1124 598 1190 posteros
613 1113 727 1172 infame
741 1112 797 1172 tibi
813 1113 861 1184 sit,
877 1113 959 1188 quod
975 1111 1107 1171 videaris
1123 1112 1288 1172 familiaris

180 1211 270 1271 nobis
282 1230 350 1271 esse
360 1214 389 1271 ?’
410 1211 654 1288 expresseritque
669 1210 806 1288 eclogam
822 1211 861 1269 ad
876 1230 909 1269 se
920 1209 1008 1269 cuius
1019 1208 1139 1268 initium
1150 1219 1266 1269 est:—

411 1401 469 1434 cum
480 1392 517 1433 tot
529 1384 651 1433 sustineas
664 1391 689 1432 et
701 1391 771 1432 tanta
783 1383 885 1446 negotia
897 1383 972 1442 solus,

411 1484 450 1517 res
462 1469 539 1516 Italas
551 1467 626 1516 armis
638 1467 734 1524 tuteris,
747 1467 858 1514 moribus
870 1483 950 1525 ornes,

411 1551 509 1613 legibus
521 1552 649 1607 emendes,
661 1549 687 1597 in
699 1548 801 1613 publica
813 1551 945 1597 commoda
957 1565 1070 1612 peccem,

411 1634 432 1682 si
443 1633 520 1696 longo
532 1649 647 1681 sermone
660 1648 742 1681 morer
753 1638 796 1680 tua
807 1638 929 1696 tempora,
941 1633 1039 1681 Caesar.

182 1801 302 1862 Habitu
316 1800 453 1879 corporis
467 1800 525 1860 luit
541 1798 644 1868 brevis
664 1810 755 1876 atque
772 1801 893 1871 obesus
909 1799 1008 1876 qualis
1022 1810 1054 1859 et
1068 1822 1086 1860 a
1100 1809 1197 1860 semet
1216 1798 1289 1876 ipso

120 1906 123 1914 “
182 1899 213 1957 in
234 1899 336 1959 satiris
355 1898 539 1959 describitur
558 1908 589 1958 et
607 1899 646 1957 ab
668 1901 808 1976 Augusto
829 1899 888 1957 hac
905 1897 1053 1974 epistula:
1083 1897 1227 1974 ‘pertulit
1244 1899 1288 1958 ad

182 2016 229 2055 rne
244 1996 377 2056 Oniscus
393 1996 528 2055 libellum
543 2006 638 2067 tuum,
655 2015 745 2071 quem
760 2015 827 2073 ego,
840 2005 872 2054 ut
886 2005 1093 2066 excusantem,
1108 1993 1290 2071 quantulus-

181 2113 311 2169 cumque
326 2103 381 2165 est‚
393 2093 467 2153 boni
478 2094 613 2154 consulo.
655 2092 763 2152 Vereri
779 2103 881 2152 autem
892 2092 966 2150 mihi
978 2091 1091 2151 videris
1102 2111 1141 2151 ne
1153 2090 1288 2150 maiores

182 2190 276 2250 libelli
290 2191 334 2250 tui
348 2191 411 2250 sint
425 2211 516 2267 quam
534 2191 600 2267 ipse
617 2210 660 2262 es,
676 2191 732 2250 sed
750 2189 808 2248 tibi
825 2200 940 2249 statura
958 2191 1054 2262 deest,
1069 2189 1287 2267 corpusculum
1351 2172 1353 2191 ⁸

182 2308 243 2347 non
265 2290 359 2348 deest.
404 2291 512 2365 Itaque
535 2288 638 2347 licebit
659 2287 690 2345 in
716 2287 880 2347 sextariolo
904 2287 1031 2358 scribas,
1054 2307 1114 2363 quo
1138 2285 1287 2346 circuitus
1350 2257 1353 2342 l

182 2386 344 2445 voluminis
365 2385 410 2445 tui
433 2386 472 2445 sit
496 2385 712 2466 ὀγκωδέστατος,
735 2385 814 2445 sicut
838 2394 886 2444 est
910 2384 1069 2444 ventriculi
1093 2385 1158 2445 tui!
1199 2383 1289 2444 Vixit
1351 2398 1352 2447 l

183 2483 345 2559 plurimum
364 2483 395 2541 in
417 2503 541 2542 secessu
563 2482 640 2541 ruris
662 2483 709 2541 sui
732 2482 838 2542 Sabini
864 2491 916 2541 aut
937 2480 1092 2541 Tiburtini
1113 2483 1287 2557 domusque
1351 2482 1352 2485 ’

182 2581 248 2639 eius
262 2580 433 2640 ostenditur
444 2581 525 2640 circa
537 2579 668 2639 Tiburni
683 2579 825 2638 luculum.
866 2583 1027 2638 Venerunt
1038 2578 1067 2637 in
1080 2599 1188 2638 manus
1200 2599 1287 2638 meas
1351 2562 1352 2613 3

182 2688 213 2737 et
226 2678 305 2756 elegi
320 2680 377 2738 sub
391 2677 480 2737 titulo
494 2678 559 2737 eius
575 2688 606 2736 et
619 2676 750 2753 epistula
765 2697 856 2754 prosa
870 2677 1007 2736 oratione
1026 2676 1114 2752 quasi
1134 2696 1289 2736 commen-

183 2775 283 2834 dantis
299 2795 331 2835 se
347 2775 531 2847 Maecenati,
543 2775 598 2834 sed
611 2785 738 2850 utraque
750 2775 828 2834 falsa
843 2785 933 2850 puto;
957 2794 1028 2832 nam
1042 2774 1121 2852 elegi
1133 2774 1286 2852 vulgares,

182 2872 313 2948 epistula
327 2873 420 2932 etiam
436 2874 577 2944 obscura,
593 2892 654 2948 quo
668 2871 743 2931 vitio
762 2872 887 2931 minime
908 2872 1078 2932 tenebatur.
1121 2873 1221 2931 Natus
1238 2883 1289 2932 est
1351 2862 1352 2933 l

183 2970 221 3029 vi.
238 2971 313 3028 Idus
335 2970 517 3030 Decembris
535 2972 570 3029 L.
590 2972 682 3029 Cotta
701 2979 732 3028 et
748 2971 782 3027 L.
799 2971 957 3045 Torquato
979 2969 1165 3041 consulibus
1181 2970 1289 3029 deces-

182 3068 222 3151 sit
243 3089 270 3127 v.
292 3067 350 3126 kal.
375 3066 555 3127 Decembris
578 3068 613 3126 C.
630 3066 749 3126 Marcio
771 3067 941 3125 Censorino
963 3076 994 3126 et
1015 3068 1050 3126 C.
1067 3066 1175 3126 Asinio
1194 3067 1287 3127 Gallo

182 3164 359 3224 consulibus
387 3165 517 3241 septimo
543 3174 574 3223 et
602 3164 856 3242 quinquagesimo
884 3184 974 3236 anno,
1003 3165 1116 3223 herede
1144 3166 1287 3242 Augusto

181 3264 283 3339 palam
305 3271 489 3338 nuncupato
505 3281 574 3321 cum
597 3272 723 3339 urgente
738 3262 768 3320 vi
783 3261 967 3321 valetudinis
989 3281 1050 3321 non
1072 3262 1224 3320 sufficeret
1245 3264 1287 3322 acl

182 3359 389 3438 obsignandas
401 3359 575 3418 testamenti
590 3359 719 3418 tabulas.
764 3362 920 3418 Humatus
931 3368 963 3418 et
972 3358 1114 3419 conditus
1128 3367 1176 3418 est
1189 3370 1289 3420 extre-
1351 3344 1352 3419 ζ

183 3457 240 3515 mis
255 3455 400 3532 Esquiliis
415 3454 498 3516 iuxta
514 3456 705 3515 Maecenatis
720 3456 878 3516 tumulum.
