2734 4142
521 268 789 322 INTRODUCTION

525 526 608 575 VITA
632 525 782 575 HORATII

365 645 444 693 Fnom
463 643 622 702 Sunrourus
640 644 680 692 De
704 643 775 692 Viris
791 644 939 693 Illustribus

135 792 174 865 Q.
191 790 345 851 Horatius
361 791 489 850 Flaccus
503 789 689 861 Venusinus,
702 799 798 865 patre,
814 799 847 849 ut
862 789 927 867 ipse
942 791 1044 864 tradit,
1060 792 1202 855 libertino

95 899 127 948 et
141 889 336 948 exactionum
349 898 498 959 coactore,
508 898 540 946 ut
552 906 624 946 vero
639 887 789 946 creditum
803 897 859 959 est,
876 889 1116 963 salsamentari0‚
1131 913 1199 952 cum

96 985 141 1043 illi
156 986 280 1062 quidam
297 986 328 1043 in
347 985 544 1044 altercatione
562 985 794 1060 exprobrasset:
818 985 976 1060 ‘quotiens
996 1007 1054 1065 ego
1069 989 1131 1049 vidi
1150 1012 1202 1068 pa-

96 1093 175 1142 trem
190 1093 275 1141 tuum
293 1083 420 1141 brachio
434 1102 468 1141 se
482 1092 697 1159 emungentem
708 1084 734 1140 l'
777 1083 861 1141 Bello
878 1084 1067 1161 Philippensi
1084 1089 1200 1149 excitus

96 1201 114 1240 a
131 1184 174 1240 M.
192 1183 286 1240 Bruto
303 1180 485 1256 imperatore
502 1179 642 1239 tribunus
661 1179 790 1239 militum
808 1183 926 1255 meruit,
942 1184 1091 1261 victisque
1112 1187 1201 1262 parti-

95 1280 154 1338 bus
164 1279 254 1339 venia
266 1279 427 1355 impetrata
438 1277 584 1354 scriptum
596 1278 803 1353 quaestorium
811 1281 1009 1356 comparavit.
1044 1285 1090 1342 Ac
1102 1284 1201 1360 primo

36 1446 39 1453 Ι
97 1375 282 1447 Maecenati,
295 1396 365 1435 mox
380 1378 519 1453 Augusto
535 1375 705 1434 insinuatus
721 1395 780 1434 non
797 1378 981 1437 mediocrem
997 1379 1027 1437 in
1043 1381 1199 1440 amborum

95 1474 231 1533 amicitia
247 1474 346 1533 locum
361 1472 468 1532 tenuit.
513 1475 679 1531 Maecenas
692 1483 880 1550 quantopere
891 1495 960 1534 eum
973 1475 1112 1537 dilexerit
1126 1479 1200 1538 satis

95 1581 224 1631 testatur
239 1571 292 1630 illo
306 1570 542 1648 epigrammate:
554 1605 592 1613 -

428 1702 455 1750 ni
467 1710 491 1750 te
503 1701 638 1750 visceribus
650 1703 720 1761 meis,
734 1703 834 1761 Horati,

427 1785 483 1849 plus
495 1784 544 1832 iam
558 1784 643 1847 diligo,
656 1792 684 1833 tu
696 1792 769 1834 tuum
780 1786 893 1834 sodalem

425 1867 521 1916 Ninnio
533 1867 619 1916 videas
631 1868 812 1930 strigosiorem3

96 1987 151 2046 sed
175 1986 273 2046 multo
298 1985 396 2064 magis
421 1983 563 2044 extremis
590 1983 711 2043 iudiciis
739 1984 793 2044 tali
817 1986 857 2044 ad
882 1988 1054 2065 Augustum
1082 1988 1199 2067 elogio:

97 2084 226 2144 ‘Horati
256 2084 359 2143 Flacci
387 2093 420 2142 ut
448 2083 507 2142 mei
536 2093 601 2142 esto
631 2086 767 2142 memor.’
816 2086 972 2162 Augustus
1002 2084 1199 2161 epistularum

96 2202 218 2257 quoque
241 2180 269 2240 ei
291 2181 422 2240 officium
442 2180 561 2251 obtulit,
578 2190 610 2239 ut
629 2182 688 2239 hoc
709 2181 748 2239 ad
773 2184 984 2240 Maecenatem
1007 2182 1122 2258 scripto
1142 2183 1201 2261 sig-

96 2278 219 2339 nificat:
246 2285 335 2338 ‘ante
360 2277 426 2354 ipse
451 2277 639 2337 sufficiebam
666 2277 838 2337 scribendis
859 2278 998 2354 epistulis
1023 2279 1198 2352 amicorum,

96 2396 178 2436 nunc
200 2376 453 2452 occupatissimus
476 2385 506 2434 et
528 2375 665 2433 infirmus
688 2375 852 2434 Horatium
870 2386 1006 2435 nostrum
1025 2397 1043 2435 a
1062 2387 1091 2436 te
1109 2380 1200 2454 cupio

96 2475 260 2534 abducere.
302 2473 413 2532 Veniet
428 2492 501 2550 ergo
516 2473 554 2531 ab
567 2472 625 2531 ista
640 2472 804 2548 parasitica
819 2493 925 2531 mensa
939 2475 978 2532 ad
993 2475 1073 2533 hanc
1085 2474 1198 2553 regiam

97 2582 127 2631 et
148 2591 206 2630 nos
224 2571 255 2628 in
276 2571 415 2647 epistulis
434 2570 605 2629 scribendis
626 2570 804 2629 adiuvabit!
846 2572 892 2629 Ac
909 2591 948 2630 ne
966 2573 1118 2631 recusanti
1137 2573 1201 2648 qui·

97 2670 167 2728 dem
182 2679 234 2728 aut
246 2668 420 2728 succensuit
435 2669 597 2744 quicquam
611 2679 663 2728 aut
674 2668 839 2727 amicitiam
851 2688 936 2727 suam
950 2668 1086 2746 ingerere
1098 2670 1198 2730 desiit.

99 2769 211 2825 Extant
222 2767 378 2842 epistulae,
391 2786 408 2826 e
420 2766 531 2844 quibus
543 2766 714 2844 argumenti
724 2766 823 2843 gratia
834 2786 931 2842 pauca
943 2766 1077 2827 subieci:
1096 2774 1199 2828 ‘sume

97 2864 153 2923 tibi
175 2864 291 2940 aliquid
313 2864 386 2923 iuris
409 2865 490 2941 apud
513 2885 569 2936 me,
588 2875 744 2940 tamquam
766 2863 793 2922 si
814 2863 970 2923 convictor
991 2864 1065 2922 mihi
1086 2865 1198 2937 fueris;

98 2972 180 3021 recte
196 2962 276 3021 enim
296 2973 327 3022 et
346 2983 406 3022 non
426 2973 540 3023 temere
557 2964 677 3035 feceris,
694 2962 837 3039 quoniam
858 2961 888 3020 id
909 2981 981 3020 usus
1003 2961 1077 3020 mihi
1098 2973 1199 3022 tecum

98 3079 165 3120 esse
181 3059 272 3131 volui,
284 3060 310 3119 si
324 3081 380 3137 per
391 3061 590 3122 valitudinem
605 3072 688 3121 tuam
700 3062 765 3121 fieri
781 3060 898 3137 possit.’
941 3061 980 3119 Et
994 3079 1115 3120 rursus:
1138 3060 1199 3119 ‘tui

98 3158 219 3235 qualem
241 3160 370 3219 habeam
394 3160 568 3220 memoriam
592 3161 706 3237 poteris
728 3182 765 3220 ex
787 3159 935 3235 Septimio
955 3178 1075 3234 quoque
1095 3168 1200 3217 nostro

98 3256 221 3328 audire3
244 3278 315 3317 nam
330 3258 438 3318 incidit
453 3269 485 3318 ut
496 3259 548 3318 illo
563 3278 664 3318 coram
677 3260 764 3318 fieret
778 3278 796 3317 a
811 3279 858 3318 me
871 3257 914 3316 tui
926 3255 1048 3315 mentio
1091 3257 1199 3331 Neque

98 3355 179 3414 enim
191 3357 218 3415 si
230 3367 262 3416 tu
273 3357 424 3433 superbus
438 3355 603 3415 amicitiam
617 3366 753 3415 nostram
764 3355 916 3432 sprevisti,
927 3355 997 3414 ideo
1008 3373 1064 3412 nos
1079 3372 1200 3429 quoque

98 3455 397 3532 ἅνθυπερηφανοῦμεν.’
442 3456 603 3513 Praeterea
617 3473 710 3530 saepe
726 3474 795 3513 eum
811 3453 890 3512 inter
909 3452 985 3531 alios
1004 3451 1086 3511 iocos
1107 3452 1202 3527 puris-
1261 3534 1263 3537 ι

98 3552 208 3611 simum
227 3571 335 3628 penem
352 3561 382 3610 et
397 3551 631 3610 homuncionem
649 3550 872 3627 lepidissimum
887 3550 1021 3626 appellat
1037 3569 1157 3625 unaque
1172 3559 1203 3608 et

99 3650 194 3710 altera
211 3649 393 3709 liberalitate
410 3648 613 3726 locupletavit.
659 3649 779 3725 Scripta
793 3647 917 3724 quidem
932 3647 998 3706 eius
1013 3668 1110 3723 usque
1125 3649 1203 3706 adeo

639 3783 672 3820 21
