2734 4142
555 255 741 305 SERMONES
1066 252 1103 317 [2,
1116 267 1139 316 3,
1152 266 1200 316 270

98 434 145 486 260
184 421 337 485 exclusus
353 423 409 504 qui
425 422 534 518 distat,
552 423 621 503 agit
637 420 694 485 ubi
710 442 823 485 secum
840 431 894 485 eat
910 442 952 483 an
968 441 1046 495 non,

186 546 253 608 quo
269 527 434 590 rediturus
451 536 522 589 erat
535 547 603 588 non
618 528 806 602 arcessitus,
824 536 857 589 et
874 527 989 588 haeret

186 631 300 693 invisis
317 630 467 693 foribus?
514 632 562 693 ‘N
566 651 604 710 ec
621 624 719 706 nunc,
737 651 812 693 cum
835 651 887 693 me
895 639 1001 693 *vocat
1016 630 1112 704 ultr0‚

188 735 354 811 accedam,
372 755 415 797 an
432 736 543 817 potius
560 735 701 797 mediter
717 734 811 797 finire
827 733 982 797 dolores?

189 838 358 917 Exclusit3
383 848 537 902 revocat:
568 832 729 902 redeam?
760 840 847 914 Non,
865 838 893 924 si
909 837 1080 901 obsecret’
1112 839 1202 900 Ecce

99 928 147 1021 263
185 949 309 1019 servus,
326 964 394 1006 non
411 944 511 1026 paulo
528 944 732 1026 sapientior:
759 943 809 1007 ‘O
827 963 894 1017 ere,
911 930 994 1025 quae
1011 963 1064 1005 res

188 1067 249 1119 nec
266 1047 401 1137 modum
418 1047 519 1110 habet
536 1068 643 1129 neque
659 1047 842 1123 consilium,
861 1048 987 1108 ratione
1004 1046 1169 1131 modoque

189 1153 324 1214 tractari
340 1150 407 1214 non
423 1152 501 1214 volt.
550 1153 590 1213 In
608 1170 719 1214 amore
737 1145 819 1214 haec
836 1159 913 1213 sunt
926 1145 1022 1240 mala,
1039 1148 1173 1225 bellum,

190 1275 254 1337 pax
269 1275 420 1318 rursum:
445 1257 528 1318 haec
540 1255 568 1318 si
584 1256 656 1337 quis
673 1254 881 1337 tempestatis
898 1273 1002 1335 prope
1018 1252 1083 1315 ritu
1131 1263 1134 1267 '

189 1359 322 1422 mobilia
337 1370 371 1422 et
386 1380 486 1422 caeca
503 1359 665 1434 fluitantia
681 1369 770 1422 sorte
786 1358 913 1436 laboret

60 1505 62 1507 ψ
100 1491 149 1539 270
189 1445 327 1527 reddere
342 1446 520 1539 certa‘sibi‚
537 1445 640 1525 nihilo
657 1453 734 1545 plus
751 1441 894 1544 explidet
910 1481 948 1525 ac
964 1464 993 1525 si
1069 1449 1072 1455 ¹

145 1616 200 1661 2⁶0·
225 1609 272 1674 qui
283 1609 396 1660 distat:
406 1606 439 1660 cl.
449 1608 521 1676 quid
529 1607 625 1672 simila

99 1705 140 1740 vs.
154 1703 204 1755 993
224 1687 275 1755 qui
284 1686 423 1753 [increpat
434 1688 550 1751 istusvs.
568 1686 625 1737 108.

4 1795 6 1822 ι
99 1758 163 1818 The
184 1766 322 1819 endeavor
343 1774 372 1818 to
396 1783 479 1833 prove
500 1766 536 1817 all
562 1783 624 1818 men

99 1847 209 1916 equally
223 1845 286 1897 mad
303 1846 378 1898 leads
395 1854 424 1899 to
437 1846 484 1898 the
501 1845 625 1915 frequent

99 1945 149 1979 use
160 1926 191 1979 of
200 1925 254 1978 this
267 1925 336 1978 kind
349 1926 380 1980 of
388 1926 497 1995 phrase.
507 1932 623 1995 -agit:

98 2008 246 2068 curandus,
259 2023 367 2075 argues.
425 2065 427 2067 ,

155 2121 298 2189 Phaedria,
317 2124 363 2177 the
382 2125 466 2192 lover,
485 2125 643 2194 speaks:—

714 1613 762 1658 262
774 1608 800 1658 ft.
824 1605 894 1658 This
913 1622 1028 1675 passage
1046 1605 1069 1658 is
1085 1622 1101 1658 a
1118 1613 1204 1658 trans·

681 1684 800 1751 position
817 1685 848 1739 of
863 1686 909 1738 the
924 1686 984 1738 first
1001 1686 1071 1738 lines
1090 1685 1121 1737 of
1137 1688 1204 1737 Ter-

681 1767 771 1818 ence's
808 1766 960 1817 Eunuchus
997 1765 1066 1818 from
1103 1765 1204 1818 iambic

680 1845 780 1897 senarii
793 1845 851 1898 into
864 1846 1044 1899 hexameters.
1076 1846 1138 1897 The
1149 1863 1205 1898 cor-

680 1926 849 1995 responding
858 1943 949 1978 verses
959 1915 990 1978 ol
997 1927 1043 1978 the
1052 1925 1205 1977 Eunuchus

683 2006 733 2076 <46
745 2005 787 2074 ff.)
803 2023 848 2059 are
861 2023 892 2059 as
906 2005 1011 2060 follows
1021 2024 1027 2058 :
1036 2035 1072 2044 —

244 2222 317 2290 Quid
329 2222 412 2291 igitur
425 2223 539 2277 faciam?
577 2224 632 2275 ndn
645 2240 705 2276 eam
720 2240 754 2275 ne
768 2223 841 2275 rn‘mc
853 2222 964 2291 quidem

243 2309 323 2362 quam
337 2294 463 2346 accersor
474 2294 564 2345 ultro?
601 2311 636 2345 an
655 2293 746 2361 potius
761 2292 798 2344 ita
814 2309 857 2344 me
871 2293 1036 2360 comparem,

244 2380 300 2415 non
313 2362 417 2431 perpeti
431 2366 602 2416 meretricum
615 2363 813 2416 contumelias?

243 2434 373 2499 exclusit3
395 2443 517 2486 revocat:
537 2434 664 2487 redeam?
701 2451 765 2499 non,
779 2432 803 2485 sl
817 2450 860 2486 me
873 2433 1008 2487 obsecret.

145 2549 291 2614 Parmeno,
305 2548 350 2600 the
364 2548 448 2614 slave,
461 2548 558 2617 replies
575 2551 644 2617 (vss.
659 2563 691 2616 57
705 2547 747 2617 ff.)
758 2564 806 2598 :—

243 2662 296 2707 ere,
309 2647 386 2714 quae,
400 2663 443 2699 res
458 2646 486 2718 in
500 2665 529 2699 se
543 2648 632 2715 neque
646 2645 789 2699 consilium
805 2646 893 2714 neque
907 2645 1019 2699 modum
1034 2668 1036 2672 ¹

243 2714 327 2769 habet
340 2717 432 2780 ullum,
449 2734 508 2769 eam
529 2717 646 2770 consilio
664 2733 757 2785 regere
777 2717 833 2768 non
852 2724 939 2784 potes⁴

243 2784 272 2837 in
291 2787 383 2839 amore
405 2786 586 2839 haecomnia
606 2787 699 2839 insunt
725 2785 804 2838 vitia:
837 2785 958 2852 iniuriae,

243 2856 421 2923 suspiciones
440 2857 604 2920 inimicitiae,
618 2856 748 2922 indutiae,

243 2926 353 2991 belldm,
366 2943 419 2994 pax
438 2944 558 2993 rursum,
586 2927 690 2980 incerta
706 2927 774 2980 haec
791 2927 862 2979 situ
884 2927 1006 2994 postules

243 2996 347 3049 atione
369 3006 443 3049 certa
461 2997 557 3063 facere,
572 2997 658 3050 nihilo
670 2998 731 3065 plus
744 3014 810 3067 agas

243 3083 323 3136 quam
337 3067 361 3119 sl
372 3067 421 3119 des
434 3084 545 3136 operam
557 3075 587 3119 ut
600 3068 663 3120 crim
674 3068 780 3121 ratione
794 3067 924 3120 insenias.

146 3190 202 3248 265.
226 3183 390 3247 sapientior:
414 3184 460 3236 the
488 3184 628 3237 confiden-

99 3267 149 3320 tial
160 3265 235 3318 slave
243 3263 271 3316 in
284 3264 331 3316 the
342 3265 479 3317 comedies
490 3264 513 3317 is
522 3265 628 3334 usually

98 3349 127 3400 in
146 3346 194 3397 the
214 3344 335 3413 position
356 3343 387 3397 of
404 3344 514 3397 advisor
534 3354 562 3397 to
585 3345 628 3398 his

98 3443 195 3498 young
208 3433 317 3478 master.

146 3512 202 3569 267.
221 3513 273 3556 non
285 3506 358 3557 volt:
380 3508 423 3559 iu.
438 3513 547 3572 cannot,
561 3498 628 3560 does

98 3597 150 3642 not
164 3586 266 3640 submit
279 3594 308 3639 to
321 3587 385 3639 such
400 3596 556 3640 treatment.

144 3678 193 3723 268
205 3670 225 3722 f.
249 3673 425 3737 tempestatis
453 3710 460 3724 .
486 3711 492 3723 .
520 3712 526 3721 .
557 3674 626 3725 ritu:

678 3183 838 3252 chungeuble
862 3202 894 3236 as
919 3184 964 3237 tlte
990 3186 1120 3239 westher.
1173 3188 1207 3238 ln

679 3264 734 3317 this
745 3282 793 3317 use
806 3267 865 3316 ritu
874 3265 896 3316 is
904 3282 941 3318 no
954 3283 1029 3318 more
1039 3266 1106 3318 than
1116 3268 1204 3319 modu.

678 3359 820 3396 -caeca
837 3382 843 3394 .
860 3383 865 3394 .
880 3347 968 3396 sorte:
989 3347 1037 3399 the
1058 3347 1144 3400 direct
1158 3365 1208 3416 op-

680 3426 769 3495 posite
782 3424 815 3478 of
823 3432 897 3478 certa
909 3428 1027 3479 rotrone.

724 3523 779 3570 270.
846 3506 979 3570 explicet:
1067 3509 1208 3577 suntangle,

679 3589 832 3658 strutglzteu
863 3595 918 3650 ortt,
952 3591 997 3641 sle.
1033 3589 1132 3643 reduce
1160 3590 1208 3642 the

680 3677 778 3721 matter
799 3676 827 3721 to
855 3678 959 3739 system
983 3670 1040 3726 aud
1064 3671 1207 3741 certainty,

629 3767 681 3828 195
